@article{puz,
author = {Ryu, Deockhyun and El-Gamal, Mahmoud},
year = {2004},
month = {09},
pages = {},
title = {Short Memory and the PPP-puzzle}
}