@article {rog,
	title = {The Purchasing Power Parity Puzzle},
	journal = {Journal of Economic Literature },
	volume = {34},
	year = {1996},
	note = {{\textcopyright} Copyright 1996 by the American Economic Association. Posted by permission. One copy may be printed for individual use only.},
	pages = {647-68},
	author = {Kenneth Rogoff}
}

@Manual{im,
title = {Testing for Unit Roots in Heterogeneous Panels},
author = {Pasaran, M.H. and Im, K.S. and Shin, Yongcheol},
year = {1997},
institution = {Faculty of Economics, University of Cambridge},
type = {Cambridge Working Papers in Economics},
url = {https://EconPapers.repec.org/RePEc:cam:camdae:9526}
}


@Manual{pes,
  author={Breitung, Jorg and Pesaran, Mohammad Hashem},
  title={Unit roots and cointegration in panels},
  year={2005},
  institution={Deutsche Bundesbank},
  type={Discussion Paper Series 1: Economic Studies},
  url={https://ideas.repec.org/p/zbw/bubdp1/4236.html},
  number={42},
}

@Article{plm,
    title = {Robust Standard Error Estimators for Panel Models: A Unifying Approach},
    author = {Giovanni Millo},
    journal = {Journal of Statistical Software},
    year = {2017},
    volume = {82},
    number = {3},
    pages = {1--27},
    doi = {10.18637/jss.v082.i03},
  }

@article{puz,
  author = {El-Gamal, Mahmoud A. and Ryu, Deockhyun},
  journal = {Journal of Economic Dynamics and Control},
  keywords = {PPP-puzzle},
  number = {3},
  pages = {361--391},
  title = {Short-memory and the PPP hypothesis},
  url = {http://www.sciencedirect.com/science/article/B6V85-4HD8B3Y-1/1/b7865989592c6f1ee4b79a80036183c9},
  volume = {30},
  year = {2006}
}

@article{wu,
title = {A Comparative Study of Unit Root Tests with Panel Data and a New Simple Test},
author = {Maddala, G. S. and Wu, Shaowen},
year = {1999},
journal = {Oxford Bulletin of Economics and Statistics},
volume = {61},
number = {S1},
pages = {631-652},
url = {https://EconPapers.repec.org/RePEc:bla:obuest:v:61:y:1999:i:s1:p:631-652}
}

@article{had,
    author = {Hadri, Kaddour},
    title = {Testing for stationarity in heterogeneous panel data},
    journal = {The Econometrics Journal},
    volume = {3},
    number = {2},
    pages = {148-161},
    year = {2002},
    month = {03},
    issn = {1368-4221},
    doi = {10.1111/1368-423X.00043},
    url = {https://doi.org/10.1111/1368-423X.00043},
    eprint = {https://academic.oup.com/ectj/article-pdf/3/2/148/25973916/ectj0148.pdf},
}

@article{pal,
title = {Cross-sectional dependence robust block bootstrap panel unit root tests},
author = {Palm, Franz and Smeekes, Stephan and Urbain, Jean-Pierre},
year = {2011},
journal = {Journal of Econometrics},
volume = {163},
number = {1},
pages = {85-104},
keywords = {Block bootstrap Panel unit root test Cross-sectional dependence},
url = {https://EconPapers.repec.org/RePEc:eee:econom:v:163:y:2011:i:1:p:85-104}
}



@article{lev,
title = {Unit root tests in panel data: asymptotic and finite-sample properties},
author = {Levin, Andrew and Lin, Chien-Fu and James Chu, Chia-Shang},
year = {2002},
journal = {Journal of Econometrics},
volume = {108},
number = {1},
pages = {1-24},
url = {https://EconPapers.repec.org/RePEc:eee:econom:v:108:y:2002:i:1:p:1-24}
}

@article{Kul,
 ISSN = {08837252, 10991255},
 URL = {http://www.jstor.org/stable/2678529},
 author = {Kul B. Luintel},
 journal = {Journal of Applied Econometrics},
 number = {2},
 pages = {161--185},
 publisher = {Wiley},
 title = {Real Exchange Rate Behaviour: Evidence from Black Markets},
 volume = {15},
 year = {2000}
}

@article{fama1997,
  title={Industry costs of equity},
  author={Fama, Eugene F and French, Kenneth R},
  journal={Journal of financial economics},
  volume={43},
  number={2},
  pages={153--193},
  year={1997},
  publisher={Elsevier}
}

  @Manual{Texevier,
    title = {{Texevier}: {P}ackage to create Elsevier templates for Rmarkdown},
    author = {N.F. Katzke},
    organization = {Bureau for Economic Research},
    address = {Stellenbosch, South Africa},
    note = {version 0.1.2},
    year = {2017},
  }
