@article {rog,
	title = {The Purchasing Power Parity Puzzle},
	journal = {Journal of Economic Literature },
	volume = {34},
	year = {1996},
	note = {{\textcopyright} Copyright 1996 by the American Economic Association. Posted by permission. One copy may be printed for individual use only.},
	pages = {647-68},
	author = {Kenneth Rogoff}
}
